%% This BibTeX bibliography file was created using BibDesk.
%% http://bibdesk.sourceforge.net/


%% Created for Olivier Commowick at 2008-06-16 21:02:37 -0400 


%% Saved with string encoding Western (Windows Latin 1) 

@article{hoshino11,
  title={hoshino},
  author={Hoshino et al},
  journal={photogrammetry},
  volume={69},
  number={7},
  pages={483--492},
  year={1996}
}

@article{ian1996morphological1,
title={Morphological characteristics of the earthquake surface ruptures on Awaji Island, associated with the 1995 southern Hyogo Prefecture earthquake},
author={Ian, Aiming and Uda, Shinichi},
journal={Island Arc},
volume={5},
number={1},
pages={1--15},
year={1996}
}

@article{ian1996morphological,
title={Morphological characteristics of the earthquake surface ruptures on Awaji Island, associated with the 1995 southern Hyogo Prefecture earthquake},
author={Ian, Aiming and Uda, Shinichi},
journal={Island Arc},
volume={5},
number={1},
pages={1--15},
year={1996},
publisher={Wiley Online Library}
}

@article{truong2018second,
  title={Second iteration of photogrammetric processing to refine image orientation with improved tie-points},
  author={Truong Giang, Nguyen and Muller, Jean-Micha{\"e}l and Rupnik, Ewelina and Thom, Christian and Pierrot-Deseilligny, Marc},
  journal={Sensors},
  volume={18},
  number={7},
  pages={2150},
  year={2018},
  publisher={Multidisciplinary Digital Publishing Institute}
}

@inproceedings{lindenberger2021pixel,
  title={Pixel-Perfect Structure-from-Motion with Featuremetric Refinement},
  author={Lindenberger, Philipp and Sarlin, Paul-Edouard and Larsson, Viktor and Pollefeys, Marc},
  booktitle={Proceedings of the IEEE/CVF International Conference on Computer Vision},
  pages={5987--5997},
  year={2021}
}

@inproceedings{sarlin2021back,
  title={Back to the feature: Learning robust camera localization from pixels to pose},
  author={Sarlin, Paul-Edouard and Unagar, Ajaykumar and Larsson, Mans and Germain, Hugo and Toft, Carl and Larsson, Viktor and Pollefeys, Marc and Lepetit, Vincent and Hammarstrand, Lars and Kahl, Fredrik and others},
  booktitle={Proceedings of the IEEE/CVF Conference on Computer Vision and Pattern Recognition},
  pages={3247--3257},
  year={2021}
}

@article{wackrow2008minimising,
  title={Minimising systematic errors in DEMs caused by an inaccurate lens model},
  author={Wackrow, R and Chandler, JH and Gardner, T},
  journal={International Archives of the Photogrammetry, Remote Sensing and Spatial Information Sciences},
  volume={37},
  number={B5},
  pages={1--6},
  year={2008},
  publisher={Citeseer}
}

@article{james2014mitigating,
  title={Mitigating systematic error in topographic models derived from UAV and ground-based image networks},
  author={James, Mike R and Robson, Stuart},
  journal={Earth Surface Processes and Landforms},
  volume={39},
  number={10},
  pages={1413--1420},
  year={2014},
  publisher={Wiley Online Library}
}

@misc{HistoPProj,
   author = {Zhang, Lulin and Rupnik, Ewelina and Pierrot-Deseilligny, Marc},
   year={2021},
   title = {Project website for matching multi-epoch images},
   howpublished = {\url{https://www.umr-lastig.fr/ewelina-rupnik/historicalfeatures.html}}
}

@misc{HistoPSlides,
   author = {Zhang, Lulin and Rupnik, Ewelina and Pierrot-Deseilligny, Marc},
   year={2021},
   title = {Slides for matching multi-epoch images},
   howpublished = {\url{https://drive.google.com/uc?id=16sJZiY3sTZSRZKBzpy2IHVloCLj6pEwP}}
}


@misc{HistoPVideo,
   author = {Zhang, Lulin and Rupnik, Ewelina and Pierrot-Deseilligny, Marc},
   year={2021},
   title = {Video for matching multi-epoch images},
   howpublished = {\url{https://youtu.be/YnF-F0UJaSM}}
}

@misc{HistoPcode,
   author = {Zhang, Lulin and Rupnik, Ewelina and Pierrot-Deseilligny, Marc},
   year={2021},
   title = {Code in micmac for matching multi-epoch images},
   howpublished = {\url{https://github.com/micmacIGN/micmac/tree/master/src/uti_phgrm/TiePHistorical}}
}

@misc{tuto-aerial,
   author = {Zhang, Lulin and Rupnik, Ewelina and Pierrot-Deseilligny, Marc},
   year={2021},
   title = {Tutorial of matching multi-epoch aerial images},
   howpublished = {\url{https://colab.research.google.com/drive/1poEXIeKbPcJT_2hyQOBhzcj1EEhO8OgD}}
}

@misc{tuto-mixed,
   author = {Zhang, Lulin and Rupnik, Ewelina and Pierrot-Deseilligny, Marc},
   year={2021},
   title = {Tutorial of matching multi-epoch aerial and satellite images},
   howpublished = {\url{https://colab.research.google.com/drive/14okQ8bBhEZmy6EGRIQvazTqrN39oc_K5}}
}

@article{morel2009asift,
  title={ASIFT: A new framework for fully affine invariant image comparison},
  author={Morel, Jean-Michel and Yu, Guoshen},
  journal={SIAM journal on imaging sciences},
  volume={2},
  number={2},
  pages={438--469},
  year={2009},
  publisher={SIAM}
}

@misc{theia,
  author = {Chris Sweeney},
  title = {Theia Multiview Geometry Library: Tutorial \& Reference},
  howpublished = "\url{http://theia-sfm.org}",
  year={2015}
}

@misc{openMVG,
  author = "Pierre Moulon and Pascal Monasse and Renaud Marlet and Others",
  title = "OpenMVG",
  howpublished = "\url{https://github.com/openMVG/openMVG}",
  year={2016}
}

@article{beltrami20193d,
  title={3D Digital and Physical Reconstruction of a Collapsed Dome Using SFM Techniques From Historical Images.},
  author={Beltrami, C and Cavezzali, D and Chiabrando, F and Iaccarino Idelson, A and Patrucco, G and Rinaudo, F},
  journal={International Archives of the Photogrammetry, Remote Sensing \& Spatial Information Sciences},
  year={2019}
}

@article{bevilacqua2019reconstruction,
  title={Reconstruction of lost architectural volumes by integration of photogrammetry from archive imagery with 3D models of the status quo.},
  author={Bevilacqua, MG and Caroti, G and Piemonte, A and Ulivieri, D},
  journal={International Archives of the Photogrammetry, Remote Sensing \& Spatial Information Sciences},
  year={2019}
}

@article{maiwald2019generation,
  title={Generation of a Benchmark Dataset Using Historical Photographs for an Automated Evaluation of Different Feature Matching Methods.},
  author={Maiwald, F},
  journal={International Archives of the Photogrammetry, Remote Sensing \& Spatial Information Sciences},
  year={2019}
}

@article{condorelli2020neural,
  title={A neural networks approach to detecting lost heritage in historical video},
  author={Condorelli, Francesca and Rinaudo, Fulvio and Salvadore, Francesco and Tagliaventi, Stefano},
  journal={ISPRS International Journal of Geo-Information},
  volume={9},
  number={5},
  pages={297},
  year={2020},
  publisher={Multidisciplinary Digital Publishing Institute}
}

@article{yu2011asift,
  title={ASIFT: An algorithm for fully affine invariant comparison},
  author={Yu, Guoshen and Morel, Jean-Michel},
  journal={Image Processing On Line},
  volume={1},
  pages={11--38},
  year={2011}
}

@inproceedings{dalal2005histograms,
  title={Histograms of oriented gradients for human detection},
  author={Dalal, Navneet and Triggs, Bill},
  booktitle={2005 IEEE computer society conference on computer vision and pattern recognition (CVPR'05)},
  volume={1},
  pages={886--893},
  year={2005},
  organization={Ieee}
}

@article{maiwald2021automatic,
  title={An automatic workflow for orientation of historical images with large radiometric and geometric differences},
  author={Maiwald, Ferdinand and Maas, Hans-Gerd},
  journal={The Photogrammetric Record},
  year={2021},
  publisher={Wiley Online Library}
}

@article{blanch2021multi,
  title={Multi-Epoch and Multi-Imagery (MEMI) Photogrammetric Workflow for Enhanced Change Detection Using Time-Lapse Cameras},
  author={Blanch, Xabier and Eltner, Anette and Guinau, Marta and Abellan, Antonio},
  journal={Remote Sensing},
  volume={13},
  number={8},
  pages={1460},
  year={2021},
  publisher={Multidisciplinary Digital Publishing Institute}
}

@article{filhol2019time,
  title={Time-Lapse Photogrammetry of Distributed Snow Depth During Snowmelt},
  author={Filhol, S and Perret, A and Girod, L and Sutter, G and Schuler, TV and Burkhart, JF},
  journal={Water Resources Research},
  volume={55},
  number={9},
  pages={7916--7926},
  year={2019},
  publisher={Wiley Online Library}
}

@article{cook2019simple,
  title={A simple workflow for robust low-cost UAV-derived change detection without ground control points},
  author={Cook, Kristen L and Dietze, Michael},
  journal={Earth Surface Dynamics},
  volume={7},
  number={4},
  pages={1009--1017},
  year={2019},
  publisher={Copernicus GmbH}
}

@article{parente2021automated,
  title={Automated Registration of SfM-MVS Multitemporal Datasets Using Terrestrial and Oblique Aerial Images},
  author={Parente, Luigi and Chandler, Jim H and Dixon, Neil},
  journal={The Photogrammetric Record},
  volume={36},
  number={173},
  pages={12--35},
  year={2021},
  publisher={Wiley Online Library}
}

@Misc{lessons-and-future-directions,
howpublished = {\url{https://ducha-aiki.github.io/wide-baseline-stereo-blog/2020/11/26/lessons-and-future-directions.html}},
note = { },
title = {Lessons learned and future directions},
author = {Dmytro Mishkin},
year={2020}
}


@article{persia2020archival,
title={Archival Aerial Images Georeferencing: A Geostatistically-Based Approach for Improving Orthophoto Accuracy with Minimal Number of Ground Control Points},
author={Persia, Manuela and Barca, Emanuele and Greco, Roberto and Marzulli, Maria and Tartarino, Patrizia},
journal={Remote Sensing},
volume={12},
number={14},
pages={2232},
year={2020},
publisher={Multidisciplinary Digital Publishing Institute}
}

@article{bozek2019analysis,
title={Analysis of changes in forest structure using point clouds from historical aerial photographs},
author={Bo{\.z}ek, Piotr and Janus, Jaroslaw and Mitka, Bartosz},
journal={Remote Sensing},
volume={11},
number={19},
pages={2259},
year={2019},
publisher={Multidisciplinary Digital Publishing Institute}
}

@article{pinto2019archived,
title={From archived historical aerial imagery to informative orthophotos: A framework for retrieving the past in long-term socioecological research},
author={Pinto, Ana Teresa and Gon{\c{c}}alves, Jos{\'e} A and Beja, Pedro and Pradinho Honrado, Jo{\~a}o},
journal={Remote Sensing},
volume={11},
number={11},
pages={1388},
year={2019},
publisher={Multidisciplinary Digital Publishing Institute}
}

@article{molg2017structure,
title={Structure-from-motion using historical aerial images to analyse changes in glacier surface elevation},
author={M{\"o}lg, Nico and Bolch, Tobias},
journal={Remote Sensing},
volume={9},
number={10},
pages={1021},
year={2017},
publisher={Multidisciplinary Digital Publishing Institute}
}







@book{sonka2014image, 
title={Image processing, analysis, and machine vision}, 
author={Sonka, Milan and Hlavac, Vaclav and Boyle, Roger}, 
year={2014}, 
publisher={Cengage Learning}
}

@inproceedings{schonberger2016pixelwise,
  title={Pixelwise view selection for unstructured multi-view stereo},
  author={Sch{\"o}nberger, Johannes L and Zheng, Enliang and Frahm, Jan-Michael and Pollefeys, Marc},
  booktitle={European Conference on Computer Vision},
  pages={501--518},
  year={2016},
  organization={Springer}
}

@inproceedings{tian2017l2,
  title={L2-net: Deep learning of discriminative patch descriptor in euclidean space},
  author={Tian, Yurun and Fan, Bin and Wu, Fuchao},
  booktitle={Proceedings of the IEEE Conference on Computer Vision and Pattern Recognition},
  pages={661--669},
  year={2017}
}

﻿@inproceedings{barath2018graph,
  title={Graph-cut RANSAC},
  author={Barath, Daniel and Matas, Ji{\v{r}}{\'\i}},
  booktitle={Proceedings of the IEEE Conference on Computer Vision and Pattern Recognition},
  pages={6733--6741},
  year={2018}
}

@inproceedings{barath2019magsac,
  title={Magsac: marginalizing sample consensus},
  author={Barath, Daniel and Matas, Jiri and Noskova, Jana},
  booktitle={Proceedings of the IEEE Conference on Computer Vision and Pattern Recognition},
  pages={10197--10205},
  year={2019}
}

@inproceedings{moo2018learning,
  title={Learning to find good correspondences},
  author={Moo Yi, Kwang and Trulls, Eduard and Ono, Yuki and Lepetit, Vincent and Salzmann, Mathieu and Fua, Pascal},
  booktitle={Proceedings of the IEEE Conference on Computer Vision and Pattern Recognition},
  pages={2666--2674},
  year={2018}
}

@inproceedings{brachmann2017dsac,
  title={Dsac-differentiable ransac for camera localization},
  author={Brachmann, Eric and Krull, Alexander and Nowozin, Sebastian and Shotton, Jamie and Michel, Frank and Gumhold, Stefan and Rother, Carsten},
  booktitle={Proceedings of the IEEE Conference on Computer Vision and Pattern Recognition},
  pages={6684--6692},
  year={2017}
}

@article{leroy1987robust,
  title={Robust regression and outlier detection},
  author={Leroy, Annick M and Rousseeuw, Peter J},
  journal={Wiley},
  year={1987}
}

@article{raguram2012usac,
  title={USAC: a universal framework for random sample consensus},
  author={Raguram, Rahul and Chum, Ondrej and Pollefeys, Marc and Matas, Jiri and Frahm, Jan-Michael},
  journal={IEEE transactions on pattern analysis and machine intelligence},
  volume={35},
  number={8},
  pages={2022--2038},
  year={2012},
  publisher={IEEE}
}

@inproceedings{chum2005two,
  title={Two-view geometry estimation unaffected by a dominant plane},
  author={Chum, Ondrej and Werner, Tomas and Matas, Jiri},
  booktitle={2005 IEEE Computer Society Conference on Computer Vision and Pattern Recognition (CVPR'05)},
  volume={1},
  pages={772--779},
  year={2005},
  organization={IEEE}
}

@inproceedings{chum2005matching,
  title={Matching with PROSAC-progressive sample consensus},
  author={Chum, Ondrej and Matas, Jiri},
  booktitle={2005 IEEE computer society conference on computer vision and pattern recognition (CVPR'05)},
  volume={1},
  pages={220--226},
  year={2005},
  organization={IEEE}
}

@article{torr2000mlesac,
  title={MLESAC: A new robust estimator with application to estimating image geometry},
  author={Torr, Philip HS and Zisserman, Andrew},
  journal={Computer vision and image understanding},
  volume={78},
  number={1},
  pages={138--156},
  year={2000},
  publisher={Academic Press}
}

@article{fischler1981random,
  title={Random sample consensus: a paradigm for model fitting with applications to image analysis and automated cartography},
  author={Fischler, Martin A and Bolles, Robert C},
  journal={Communications of the ACM},
  volume={24},
  number={6},
  pages={381--395},
  year={1981},
  publisher={ACM New York, NY, USA}
}

@inproceedings{luo2019contextdesc,
  title={Contextdesc: Local descriptor augmentation with cross-modality context},
  author={Luo, Zixin and Shen, Tianwei and Zhou, Lei and Zhang, Jiahui and Yao, Yao and Li, Shiwei and Fang, Tian and Quan, Long},
  booktitle={Proceedings of the IEEE Conference on Computer Vision and Pattern Recognition},
  pages={2527--2536},
  year={2019}
}

@misc{imagematchingchallenge2020,
        Author = {Trulls, Eduard and Jin, Yuhe and Yi, Kwang Moo and Mishkin, Dmytro and Matas, Jiri and Fua, Pascal},
        Howpublished = {https://vision.uvic.ca/image-matching-challenge/},
        Title = {{Image Matching Challenge 2020}},
        Year = {2020}
}

@InProceedings{Tian2017,
  author    = {Tian, Yurun and Fan, Bin and Wu, Fuchao},
  title     = {L2-net: Deep learning of discriminative patch descriptor in euclidean space},
  booktitle = {Proceedings of the IEEE Conference on Computer Vision and Pattern Recognition},
  year      = {2017},
  pages     = {661--669},
}

@inproceedings{luo2020aslfeat,
  title={Aslfeat: Learning local features of accurate shape and localization},
  author={Luo, Zixin and Zhou, Lei and Bai, Xuyang and Chen, Hongkai and Zhang, Jiahui and Yao, Yao and Li, Shiwei and Fang, Tian and Quan, Long},
  booktitle={Proceedings of the IEEE/CVF Conference on Computer Vision and Pattern Recognition},
  pages={6589--6598},
  year={2020}
}

@inproceedings{cogliati2017extraction,
  title={Extraction of DEMS and Orthoimages from archive aerial imagery to support project planning in civil engineering},
  author={Cogliati, M and TONELLI, ELIANA PAOLA and Battaglia, D and Scaioni, M},
  booktitle={ISPRS Workshop on Geospatial Solutions for Structural Design, Construction and Maintenance in Training Civil Engineers and Architects, Geospace 2017},
  volume={4},
  number={5W1},
  pages={9--16},
  year={2017},
  organization={Copernicus GmbH}
}

@article{mertes2017using,
  title={Using structure-from-motion to create glacier DEMs and orthoimagery from historical terrestrial and oblique aerial imagery},
  author={Mertes, Jordan R and Gulley, Jason D and Benn, Douglas I and Thompson, Sarah S and Nicholson, Lindsey I},
  journal={Earth Surface Processes and Landforms},
  volume={42},
  number={14},
  pages={2350--2364},
  year={2017},
  publisher={Wiley Online Library}
}

@article{verhoeven2016engaging,
  title={Engaging with the canopy—multi-dimensional vegetation mark visualisation using archived aerial images},
  author={Verhoeven, Geert and Vermeulen, Frank},
  journal={Remote Sensing},
  volume={8},
  number={9},
  pages={752},
  year={2016},
  publisher={Multidisciplinary Digital Publishing Institute}
}

@article{gomez2014digital,
  title={Digital photogrammetry and GIS-based analysis of the bio-geomorphological evolution of Sakurajima Volcano, diachronic analysis from 1947 to 2006},
  author={Gomez, Christopher},
  journal={Journal of Volcanology and Geothermal Research},
  volume={280},
  pages={1--13},
  year={2014},
  publisher={Elsevier}
}

@inproceedings{schonberger2017comparative,
  title={Comparative evaluation of hand-crafted and learned local features},
  author={Schonberger, Johannes L and Hardmeier, Hans and Sattler, Torsten and Pollefeys, Marc},
  booktitle={Proceedings of the IEEE Conference on Computer Vision and Pattern Recognition},
  pages={1482--1491},
  year={2017}
}

@article{jin2020image,
  title={Image Matching across Wide Baselines: From Paper to Practice},
  author={Jin, Yuhe and Mishkin, Dmytro and Mishchuk, Anastasiia and Matas, Jiri and Fua, Pascal and Yi, Kwang Moo and Trulls, Eduard},
  journal={2020 IEEE Conference on Computer Vision and Pattern Recognition},
  year={2020}
}

@article{wiles2020d2d,
  title={D2D: Learning to find good correspondences for image matching and manipulation},
  author={Wiles, Olivia and Ehrhardt, Sebastien and Zisserman, Andrew},
  journal={arXiv preprint arXiv:2007.08480},
  year={2020}
}

@inproceedings{sarlin2020superglue,
  title={Superglue: Learning feature matching with graph neural networks},
  author={Sarlin, Paul-Edouard and DeTone, Daniel and Malisiewicz, Tomasz and Rabinovich, Andrew},
  booktitle={Proceedings of the IEEE/CVF Conference on Computer Vision and Pattern Recognition},
  pages={4938--4947},
  year={2020}
}

@inproceedings{noh2017DELF,
  title={Large-scale image retrieval with attentive deep local features},
  author={Noh, Hyeonwoo and Araujo, Andre and Sim, Jack and Weyand, Tobias and Han, Bohyung},
  booktitle={Proceedings of the IEEE international conference on computer vision},
  pages={3456--3465},
  year={2017}
}

@inproceedings{revaud2019r2d2,
  title={R2d2: Reliable and repeatable detector and descriptor},
  author={Revaud, Jerome and De Souza, Cesar and Humenberger, Martin and Weinzaepfel, Philippe},
  booktitle={Advances in Neural Information Processing Systems},
  pages={12405--12415},
  year={2019}
}

@inproceedings{arandjelovic2012three,
  title={Three things everyone should know to improve object retrieval},
  author={Arandjelovi{\'c}, Relja and Zisserman, Andrew},
  booktitle={2012 IEEE Conference on Computer Vision and Pattern Recognition},
  pages={2911--2918},
  year={2012},
  organization={IEEE}
}

@inproceedings{bursuc2015kernel,
  title={Kernel local descriptors with implicit rotation matching},
  author={Bursuc, Andrei and Tolias, Giorgos and J{\'e}gou, Herv{\'e}},
  booktitle={Proceedings of the 5th ACM on International Conference on Multimedia Retrieval},
  pages={595--598},
  year={2015}
}

@inproceedings{dong2015domain,
  title={Domain-size pooling in local descriptors: DSP-SIFT},
  author={Dong, Jingming and Soatto, Stefano},
  booktitle={Proceedings of the IEEE conference on computer vision and pattern recognition},
  pages={5097--5106},
  year={2015}
}

@article{lowe2004distinctive,
  title={Distinctive image features from scale-invariant keypoints},
  author={Lowe, David G},
  journal={International journal of computer vision},
  volume={60},
  number={2},
  pages={91--110},
  year={2004},
  publisher={Springer}
}

@inproceedings{zhang2020guided,
  title={Guided feature matching for multi-epoch historical image blocks pose estimation},
  author={Zhang, Lulin and Rupnik, Ewelina and Pierrot-Deseilligny, Marc},
  booktitle={ISPRS Ann. Photogramm. Remote Sens. Spatial Inf. Sci.},
  year={2020}
}

@inproceedings{mishchuk2017working,
  title={Working hard to know your neighbor's margins: Local descriptor learning loss},
  author={Mishchuk, Anastasiia and Mishkin, Dmytro and Radenovic, Filip and Matas, Jiri},
  booktitle={Advances in Neural Information Processing Systems},
  pages={4826--4837},
  year={2017}
}

@article{csurka2018handcrafted,
  title={From handcrafted to deep local features},
  author={Csurka, Gabriela and Dance, Christopher R and Humenberger, Martin},
  journal={arXiv preprint arXiv:1807.10254},
  year={2018}
}





@article{cowley2012historic,
  title={Historic aerial photographic archives for European archaeology},
  author={Cowley, David C and Stichelbaut, Birger B},
  journal={European Journal of Archaeology},
  volume={15},
  number={2},
  pages={217--236},
  year={2012}
}

@techreport{moravec1980obstacle,
  title={Obstacle avoidance and navigation in the real world by a seeing robot rover.},
  author={Hans Moravec},
  year={1980},
  institution={Carnegie Mellon University},
address = {Pittsburgh, PA},
number = {CMU-RI-TR-80-03}
}

@inproceedings{harris1988combined,
  title={A combined corner and edge detector.},
  author={Chris Harris and Mike Stephens},
  booktitle={In Proc. of Fourth Alvey Vision Conference},
  pages={147--151},
  year={1988}
}

@article{mikolajczyk2004scale,
  title={Scale \& affine invariant interest point detectors},
  author={Mikolajczyk, Krystian and Schmid, Cordelia},
  journal={International journal of computer vision},
  volume={60},
  number={1},
  pages={63--86},
  year={2004},
  publisher={Springer}
}

@Article{Lowe2004,
  author    = {Lowe, David G},
  title     = {Distinctive image features from scale-invariant keypoints},
  journal   = {International journal of computer vision},
  year      = {2004},
  volume    = {60},
  number    = {2},
  pages     = {91--110},
  publisher = {Springer},
}

@inproceedings{bay2006surf,
  title={Surf: Speeded up robust features},
  author={Bay, Herbert and Tuytelaars, Tinne and Van Gool, Luc},
  booktitle={European conference on computer vision},
  pages={404--417},
  year={2006}
}

@article{tola2009daisy,
  title={Daisy: An efficient dense descriptor applied to wide-baseline stereo},
  author={Tola, Engin and Lepetit, Vincent and Fua, Pascal},
  journal={IEEE transactions on pattern analysis and machine intelligence},
  volume={32},
  number={5},
  pages={815--830},
  year={2009},
  publisher={IEEE}
}

@inproceedings{rosten2006machine,
  title={Machine learning for high-speed corner detection},
  author={Rosten, Edward and Drummond, Tom},
  booktitle={European conference on computer vision},
  pages={430--443},
  year={2006}
}

@inproceedings{yi2016lift,
  title={Lift: Learned invariant feature transform},
  author={Yi, Kwang Moo and Trulls, Eduard and Lepetit, Vincent and Fua, Pascal},
  booktitle={European Conference on Computer Vision},
  pages={467--483},
  year={2016}
}

@inproceedings{verdie2015tilde,
  title={TILDE: a temporally invariant learned detector},
  author={Verdie, Yannick and Yi, Kwang and Fua, Pascal and Lepetit, Vincent},
  booktitle={Proceedings of the IEEE Conference on Computer Vision and Pattern Recognition},
  pages={5279--5288},
  year={2015}
}

@inproceedings{moo2016learning,
  title={Learning to assign orientations to feature points},
  author={Moo Yi, Kwang and Verdie, Yannick and Fua, Pascal and Lepetit, Vincent},
  booktitle={Proceedings of the IEEE Conference on Computer Vision and Pattern Recognition},
  pages={107--116},
  year={2016}
}

@inproceedings{simo2015discriminative,
  title={Discriminative learning of deep convolutional feature point descriptors},
  author={Simo-Serra, Edgar and Trulls, Eduard and Ferraz, Luis and Kokkinos, Iasonas and Fua, Pascal and Moreno-Noguer, Francesc},
  booktitle={Proceedings of the IEEE International Conference on Computer Vision},
  pages={118--126},
  year={2015}
}

@inproceedings{detone2018superpoint,
  title={Superpoint: Self-supervised interest point detection and description},
  author={DeTone, Daniel and Malisiewicz, Tomasz and Rabinovich, Andrew},
  booktitle={Proceedings of the IEEE Conference on Computer Vision and Pattern Recognition Workshops},
  pages={224--236},
  year={2018}
}

@inproceedings{ono2018lf,
  title={LF-Net: learning local features from images},
  author={Ono, Yuki and Trulls, Eduard and Fua, Pascal and Yi, Kwang Moo},
  booktitle={Advances in Neural Information Processing Systems},
  pages={6234--6244},
  year={2018}
}

@InProceedings{dusmanu2019d2,
  title={D2-Net: A Trainable CNN for Joint Detection and Description of Local Features},
  author={Dusmanu, Mihai and Rocco, Ignacio and Pajdla, Tomas and Pollefeys, Marc and Sivic, Josef and Torii, Akihiko and Sattler, Torsten},
  booktitle = {2019 IEEE Conference on Computer Vision and Pattern Recognition},
  pages = {8092--8101},
  year={2019}
}

@InProceedings{Arandjelovic2012,
  author    = {Arandjelovi{\'c}, Relja and Zisserman, Andrew},
  title     = {Three things everyone should know to improve object retrieval},
  booktitle = {2012 IEEE Conference on Computer Vision and Pattern Recognition},
  year      = {2012},
  pages     = {2911--2918},
}

@InProceedings{Schonberger2017,
  author    = {Schonberger, Johannes L and Hardmeier, Hans and Sattler, Torsten and Pollefeys, Marc},
  title     = {Comparative evaluation of hand-crafted and learned local features},
  booktitle = {Proceedings of the IEEE Conference on Computer Vision and Pattern Recognition},
  year      = {2017},
  pages     = {1482--1491},
}

@article{lane2003estimation,
  title={Estimation of erosion and deposition volumes in a large, gravel-bed, braided river using synoptic remote sensing},
  author={Lane, Stuart N and Westaway, Richard M and Murray Hicks, D},
  journal={Earth Surface Processes and Landforms: The Journal of the British Geomorphological Research Group},
  volume={28},
  number={3},
  pages={249--271},
  year={2003},
  publisher={Wiley Online Library}
}

@article{wheaton2010accounting,
  title={Accounting for uncertainty in DEMs from repeat topographic surveys: improved sediment budgets},
  author={Wheaton, Joseph M and Brasington, James and Darby, Stephen E and Sear, David A},
  journal={Earth surface processes and landforms: the journal of the British Geomorphological Research Group},
  volume={35},
  number={2},
  pages={136--156},
  year={2010},
  publisher={Wiley Online Library}
}

@article{williams2012dems,
  title={DEMs of difference},
  author={Williams, Richard},
  journal={Geomorphological Techniques},
  volume={2},
  number={3.2},
  year={2012},
  publisher={British Society for Geomorphology}
}

@article{chandler1989extraction,
  title={The extraction of positional data from historical photographs and their application to geomorphology},
  author={Chandler, JH and Cooper, MAR},
  journal={The Photogrammetric Record},
  volume={13},
  number={73},
  pages={69--78},
  year={1989},
  publisher={Wiley Online Library}
}

@article{sevara2016capturing,
  title={Capturing the Past for the Future: an Evaluation of the Effect of Geometric Scan Deformities on the Performance of Aerial Archival Media in Image-based Modelling Environments},
  author={Sevara, Christopher},
  journal={Archaeological Prospection},
  volume={23},
  number={4},
  pages={325--334},
  year={2016},
  publisher={Wiley Online Library}
}

@article{nurminen2015automation,
  title={Automation aspects for the georeferencing of photogrammetric aerial image archives in forested scenes},
  author={Nurminen, Kimmo and Litkey, Paula and Honkavaara, Eija and Vastaranta, Mikko and Holopainen, Markus and Lyytik{\"a}inen-Saarenmaa, P{\"a}ivi and Kantola, Tuula and Lyytik{\"a}inen, Minna},
  journal={Remote Sensing},
  volume={7},
  number={2},
  pages={1565--1593},
  year={2015},
  publisher={Multidisciplinary Digital Publishing Institute}
}

@article{micheletti2015application,
  title={Application of archival aerial photogrammetry to quantify climate forcing of alpine landscapes},
  author={Micheletti, Natan and Lane, Stuart N and Chandler, Jim H},
  journal={The Photogrammetric Record},
  volume={30},
  number={150},
  pages={143--165},
  year={2015},
  publisher={Wiley Online Library}
}

@article{deseilligny2011apero,
  title={Apero, an open source bundle adjusment software for automatic calibration and orientation of set of images},
  author={Pierrot-Deseilligny, Marc and Cl{\'e}ry, Isabelle},
  booktitle={Proceedings of the ISPRS Symposium, 3DARCH11},
  year={2012},
pages = {269--276},
publisher = {Copernicus {GmbH}},
	volume = {{XXXVIII}-5/W16},
	journal = {ISPRS International Archives of the Photogrammetry, Remote Sensing and Spatial Information Sciences}
}
}

@article{cardenal2006use,
  title={Use of historical flight for landslide monitoring},
  author={Cardenal, Javier and Delgado, Jorge and Mata, Emilio and Gonz{\'a}lez, Alberto and Olague, Ignacio},
  journal={Proceedings of the Spatial Accuracy},
  pages={129--138},
  year={2006}
}

@article{aguilar2013accuracy,
  title={Accuracy assessment of commercial self-calibrating bundle adjustment routines applied to archival aerial photography},
  author={Aguilar, Manuel A and Aguilar, Fernando J and Fern{\'a}ndez, Ismael and Mills, Jon P},
  journal={The Photogrammetric Record},
  volume={28},
  number={141},
  pages={96--114},
  year={2013},
  publisher={Wiley Online Library}
}

@article{ellis2006measuring,
  title={Measuring long-term ecological changes in densely populated landscapes using current and historical high resolution imagery},
  author={Ellis, Erle C and Wang, Hongqing and Xiao, Hong Sheng and Peng, Kui and Liu, Xin Ping and Li, Shou Cheng and Ouyang, Hua and Cheng, Xu and Yang, Lin Zhang},
  journal={Remote Sensing of Environment},
  volume={100},
  number={4},
  pages={457--473},
  year={2006},
  publisher={Elsevier}
}

@inproceedings{sebastien2019archiving,
	author = {Giordano, S{\'e}bastien and Mallet, Cl{\'e}ment},
	Booktitle = {European Spatial Data Research},
	title = {Archiving and geoprocessing of historical aerial images: current status in Europe, Official Publication No 70},
	year = {2019}
}

@article{korpela2006geometrically,
  title={Geometrically accurate time series of archived aerial images and airborne lidar data in a forest environment},
  author={Korpela, Ilkka},
  journal={Silva Fennica},
  volume={40},
  number={1},
  pages={109},
  year={2006},
  publisher={THE FINNISH SOCIETY OF FOREST SCIENCE}
}

@article{fox2008unlocking,
  title={Unlocking the time capsule of historic aerial photography to measure changes in Antarctic Peninsula glaciers},
  author={Fox, Adrian J and Cziferszky, Andreas},
  journal={The Photogrammetric Record},
  volume={23},
  number={121},
  pages={51--68},
  year={2008},
  publisher={Wiley Online Library}
}

@article{walstra2004time,
  title={Time for change-quantifying landslide evolution using historical aerial photographs and modern photogrammetric methods},
  author={Walstra, Jan and Chandler, JH and Dixon, N and Dijkstra, TA},
  journal={International Archives of Photogrammetry, Remote Sensing and Spatial Information Sciences},
  volume={35},
  number={B4},
  year={2004}
}

@inproceedings{giordano2017fully,
  title={Fully automatic analysis of archival aerial images current status and challenges},
  author={Giordano, S{\'e}bastien and Le Bris, Arnaud and Mallet, Cl{\'e}ment},
  booktitle={2017 Joint Urban Remote Sensing Event (JURSE)},
  pages={1--4},
  year={2017}
}

@article{giordano2018toward,
  title={Toward automatic georeferencing of archival aerial photogrammetric surveys},
  author={Giordano, S and Le Bris, A and Mallet, C},
  year={2018},
pages = {105-112},
volume = {IV-2},
journal = {ISPRS Annals of Photogrammetry, Remote Sensing and Spatial Information Sciences},
}

@article{feurer2018joining,
  title={Joining multi-epoch archival aerial images in a single SfM block allows 3-D change detection with almost exclusively image information},
  author={Feurer, Denis and Vinatier, F},
  journal={ISPRS journal of photogrammetry and remote sensing},
  volume={146},
  pages={495--506},
  year={2018},
  publisher={Elsevier}
}

@article{aubry2014painting,
  title={Painting-to-3D model alignment via discriminative visual elements},
  author={Aubry, Mathieu and Russell, Bryan C and Sivic, Josef},
  journal={ACM Transactions on Graphics (ToG)},
  volume={33},
  number={2},
  pages={1--14},
  year={2014},
  publisher={ACM New York, NY, USA}
}

@inproceedings{semyonov2011algorithms,
  title={Algorithms used in photoscan},
  author={Semyonov, Dmitry},
  booktitle={Agisoft PhotoScan Forum},
  volume={3},
  year={2011}
}

@inproceedings{alcantarilla2012kaze,
  title={KAZE features},
  author={Alcantarilla, Pablo Fern{\'a}ndez and Bartoli, Adrien and Davison, Andrew J},
  booktitle={European Conference on Computer Vision},
  pages={214--227},
  year={2012}
}

@inproceedings{Alcantarilla13bmvc,
   author = {P. F. Alcantarilla and J. Nuevo and A. Bartoli},
   title = {Fast Explicit Diffusion for Accelerated Features in Nonlinear Scale Spaces},
   booktitle = {British Machine Vision Conf. (BMVC)}, 
   location = {Bristol, UK},
   year = {2013}
}

@inproceedings{schonberger2016structure,
  title={Structure-from-motion revisited},
  author={Schonberger, Johannes L and Frahm, Jan-Michael},
  booktitle={Proceedings of the IEEE Conference on Computer Vision and Pattern Recognition},
  pages={4104--4113},
  year={2016}
}

@article{rupnik2017micmac,
  title={MicMac--a free, open-source solution for photogrammetry},
  author={Rupnik, Ewelina and Daakir, Mehdi and Deseilligny, Marc Pierrot},
  journal={Open Geospatial Data, Software and Standards},
  volume={2},
  number={1},
  pages={1--9},
  year={2017},
  publisher={SpringerOpen}
}

@inbook{article,
	Author = {McGlone, Chris},
	Publisher = {American Society for Photogrammetry and Remote Sensing (ASPRS)},
	Title = {Manual of photogrammetry},
	Year = {2013}}

@article{ayoub2009co,
  title={Co-registration and correlation of aerial photographs for ground deformation measurements},
  author={Ayoub, Fran{\c{c}}ois and Leprince, S{\'e}bastien and Avouac, Jean-Philippe},
  journal={ISPRS Journal of Photogrammetry and Remote Sensing},
  volume={64},
  number={6},
  pages={551--560},
  year={2009},
  publisher={Elsevier}
}

@article{bakker2017archival,
  title={Archival photogrammetric analysis of river--floodplain systems using Structure from Motion (SfM) methods},
  author={Bakker, Maarten and Lane, Stuart N},
  journal={Earth Surface Processes and Landforms},
  volume={42},
  number={8},
  pages={1274--1286},
  year={2017},
  publisher={Wiley Online Library}
}

@article{chen2016study,
  title={Study of automatic image rectification and registration of scanned historical aerial photographs},
  author={Chen, H. and Tseng, Y.},
  year={2016},
pages = {1229-1236},
volume = {XLI-B8},
journal = {ISPRS - International Archives of the Photogrammetry, Remote Sensing and Spatial Information Sciences}
}

@article{ford2013shoreline,
  title={Shoreline changes interpreted from multi-temporal aerial photographs and high resolution satellite images: Wotje Atoll, Marshall Islands},
  author={Ford, Murray},
  journal={Remote Sensing of Environment},
  volume={135},
  pages={130--140},
  year={2013},
  publisher={Elsevier}
}

@incollection{snavely2006photo,
  title={Photo tourism: exploring photo collections in 3D},
  author={Snavely, Noah and Seitz, Steven M and Szeliski, Richard},
  booktitle={ACM Siggraph 2006 Papers},
  pages={835--846},
  year={2006}
}

@misc{earthexplorer,
        Author = {USGS},
        Howpublished = {https://earthexplorer.usgs.gov/},
        Title = {{earthexplorer}},
        Year = {2019}
}

@misc{remonterletemps,
        Author = {IGN},
        Howpublished = {https://remonterletemps.ign.fr/},
        Title = {{remonterletemps}},
        Year = {2019}
}

@article{marc2016micmac,
  author    = {Pierrot-Deseilligny, Marc and Rupnik, Ewelina and Girod, Luc and Belvaux, J{\'e}r{\'e}mie and Maillet, Gregoire and Deveau, Matthieu and Choqueux, G{\'e}rald},
  title     = {MicMac, Apero, Pastis and Other Beverages in a Nutshell},
  year      = {2015},
  volume={4},
  journal   = {MicMac documentation},
  publisher = {Ecole Nationnale des Sciences G{\'e}ographiques}
}

@article{mpd:06:sgm,
  title={A multiresolution and optimization-based image matching approach: An application to surface reconstruction from SPOT5-HRS stereo imagery},
  author={Pierrot-Deseilligny, Marc and Paparoditis, Nicolas},
  journal={Archives of Photogrammetry, Remote Sensing and Spatial Information Sciences},
  volume={36},
  number={1/W41},
  pages={1--5},
  year={2006}
}

@Article{souchon2010ign,
  author    = {Souchon, Jean-Philippe and Thom, Christian and Meynard, Christophe and Martin, Olivier and Pierrot-Deseilligny, Marc},
  title     = {The IGN CAMv2 System},
  journal   = {The Photogrammetric Record},
  year      = {2010},
  volume    = {25},
  number    = {132},
  pages     = {402--421},
  publisher = {Wiley Online Library},
}

@article{fraser1997digital,
  title={Digital camera self-calibration},
  author={Fraser, Clive S},
  journal={ISPRS Journal of Photogrammetry and Remote sensing},
  volume={52},
  number={4},
  pages={149--159},
  year={1997},
  publisher={Elsevier}
}

@Article{rosu2015measurement,
  author    = {Rosu, AM and Pierrot-Deseilligny, M. and Delorme, A. and Binet, R. and Klinger, Y.},
  title     = {Measurement of ground displacement from optical satellite image correlation using the free open-source software MicMac},
  journal   = {ISPRS Journal of Photogrammetry and Remote Sensing},
  year      = {2015},
  volume    = {100},
  pages     = {48--59},
  owner     = {evelyne},
  publisher = {Elsevier},
  timestamp = {2017.06.07},
}

@Article{james2014mitigating,
  author    = {James, Mike R and Robson, Stuart},
  title     = {Mitigating systematic error in topographic models derived from UAV and ground-based image networks},
  journal   = {Earth Surface Processes and Landforms},
  year      = {2014},
  volume    = {39},
  number    = {10},
  pages     = {1413--1420},
  publisher = {Wiley Online Library},
}


@misc{micmacGithub,
  author    = {MicMac},
  title     = {GitHub}, 
  howpublished   = {\url{https://github.com/micmacIGN/micmac/tree/master/src/uti_phgrm/TiePHistorical}},
  year      = {2021},
}

