%% This BibTeX bibliography file was created using BibDesk.
%% http://bibdesk.sourceforge.net/


%% Created for Olivier Commowick at 2008-06-16 21:02:37 -0400 


%% Saved with string encoding Western (Windows Latin 1) 


@article{cowley2012historic,
  title={Historic aerial photographic archives for European archaeology},
  author={Cowley, David C and Stichelbaut, Birger B},
  journal={European Journal of Archaeology},
  volume={15},
  number={2},
  pages={217--236},
  year={2012},
  publisher={Cambridge University Press}
}

@techreport{moravec1980obstacle,
  title={Obstacle avoidance and navigation in the real world by a seeing robot rover.},
  author={Moravec, Hans P},
  year={1980},
  institution={Stanford Univ CA Dept of Computer Science}
}

@inproceedings{harris1988combined,
  title={A combined corner and edge detector.},
  author={Harris, Christopher G and Stephens, Mike and others},
  booktitle={Alvey vision conference},
  volume={15},
  number={50},
  pages={10--5244},
  year={1988},
  organization={Citeseer}
}

@article{mikolajczyk2004scale,
  title={Scale \& affine invariant interest point detectors},
  author={Mikolajczyk, Krystian and Schmid, Cordelia},
  journal={International journal of computer vision},
  volume={60},
  number={1},
  pages={63--86},
  year={2004},
  publisher={Springer}
}

@article{lowe2004distinctive,
  title={Distinctive image features from scale-invariant keypoints},
  author={Lowe, David G},
  journal={International journal of computer vision},
  volume={60},
  number={2},
  pages={91--110},
  year={2004},
  publisher={Springer}
}

@inproceedings{bay2006surf,
  title={Surf: Speeded up robust features},
  author={Bay, Herbert and Tuytelaars, Tinne and Van Gool, Luc},
  booktitle={European conference on computer vision},
  pages={404--417},
  year={2006},
  organization={Springer}
}

@article{tola2009daisy,
  title={Daisy: An efficient dense descriptor applied to wide-baseline stereo},
  author={Tola, Engin and Lepetit, Vincent and Fua, Pascal},
  journal={IEEE transactions on pattern analysis and machine intelligence},
  volume={32},
  number={5},
  pages={815--830},
  year={2009},
  publisher={IEEE}
}

@inproceedings{rosten2006machine,
  title={Machine learning for high-speed corner detection},
  author={Rosten, Edward and Drummond, Tom},
  booktitle={European conference on computer vision},
  pages={430--443},
  year={2006},
  organization={Springer}
}

@inproceedings{yi2016lift,
  title={Lift: Learned invariant feature transform},
  author={Yi, Kwang Moo and Trulls, Eduard and Lepetit, Vincent and Fua, Pascal},
  booktitle={European Conference on Computer Vision},
  pages={467--483},
  year={2016},
  organization={Springer}
}

@inproceedings{verdie2015tilde,
  title={TILDE: a temporally invariant learned detector},
  author={Verdie, Yannick and Yi, Kwang and Fua, Pascal and Lepetit, Vincent},
  booktitle={Proceedings of the IEEE Conference on Computer Vision and Pattern Recognition},
  pages={5279--5288},
  year={2015}
}

@inproceedings{moo2016learning,
  title={Learning to assign orientations to feature points},
  author={Moo Yi, Kwang and Verdie, Yannick and Fua, Pascal and Lepetit, Vincent},
  booktitle={Proceedings of the IEEE Conference on Computer Vision and Pattern Recognition},
  pages={107--116},
  year={2016}
}

@inproceedings{simo2015discriminative,
  title={Discriminative learning of deep convolutional feature point descriptors},
  author={Simo-Serra, Edgar and Trulls, Eduard and Ferraz, Luis and Kokkinos, Iasonas and Fua, Pascal and Moreno-Noguer, Francesc},
  booktitle={Proceedings of the IEEE International Conference on Computer Vision},
  pages={118--126},
  year={2015}
}

@inproceedings{detone2018superpoint,
  title={Superpoint: Self-supervised interest point detection and description},
  author={DeTone, Daniel and Malisiewicz, Tomasz and Rabinovich, Andrew},
  booktitle={Proceedings of the IEEE Conference on Computer Vision and Pattern Recognition Workshops},
  pages={224--236},
  year={2018}
}

@inproceedings{ono2018lf,
  title={LF-Net: learning local features from images},
  author={Ono, Yuki and Trulls, Eduard and Fua, Pascal and Yi, Kwang Moo},
  booktitle={Advances in Neural Information Processing Systems},
  pages={6234--6244},
  year={2018}
}

@article{dusmanu2019d2,
  title={D2-Net: A Trainable CNN for Joint Detection and Description of Local Features},
  author={Dusmanu, Mihai and Rocco, Ignacio and Pajdla, Tomas and Pollefeys, Marc and Sivic, Josef and Torii, Akihiko and Sattler, Torsten},
  journal={arXiv preprint arXiv:1905.03561},
  year={2019}
}

@inproceedings{arandjelovic2012three,
  title={Three things everyone should know to improve object retrieval},
  author={Arandjelovi{\'c}, Relja and Zisserman, Andrew},
  booktitle={2012 IEEE Conference on Computer Vision and Pattern Recognition},
  pages={2911--2918},
  year={2012},
  organization={IEEE}
}

@inproceedings{schonberger2017comparative,
  title={Comparative evaluation of hand-crafted and learned local features},
  author={Schonberger, Johannes L and Hardmeier, Hans and Sattler, Torsten and Pollefeys, Marc},
  booktitle={Proceedings of the IEEE Conference on Computer Vision and Pattern Recognition},
  pages={1482--1491},
  year={2017}
}

@article{lane2003estimation,
  title={Estimation of erosion and deposition volumes in a large, gravel-bed, braided river using synoptic remote sensing},
  author={Lane, Stuart N and Westaway, Richard M and Murray Hicks, D},
  journal={Earth Surface Processes and Landforms: The Journal of the British Geomorphological Research Group},
  volume={28},
  number={3},
  pages={249--271},
  year={2003},
  publisher={Wiley Online Library}
}

@article{wheaton2010accounting,
  title={Accounting for uncertainty in DEMs from repeat topographic surveys: improved sediment budgets},
  author={Wheaton, Joseph M and Brasington, James and Darby, Stephen E and Sear, David A},
  journal={Earth surface processes and landforms: the journal of the British Geomorphological Research Group},
  volume={35},
  number={2},
  pages={136--156},
  year={2010},
  publisher={Wiley Online Library}
}

@article{williams2012dems,
  title={DEMs of difference},
  author={Williams, Richard},
  journal={Geomorphological Techniques},
  volume={2},
  number={3.2},
  year={2012},
  publisher={British Society for Geomorphology}
}

@article{chandler1989extraction,
  title={The extraction of positional data from historical photographs and their application to geomorphology},
  author={Chandler, JH and Cooper, MAR},
  journal={The Photogrammetric Record},
  volume={13},
  number={73},
  pages={69--78},
  year={1989},
  publisher={Wiley Online Library}
}

@article{sevara2016capturing,
  title={Capturing the Past for the Future: an Evaluation of the Effect of Geometric Scan Deformities on the Performance of Aerial Archival Media in Image-based Modelling Environments},
  author={Sevara, Christopher},
  journal={Archaeological Prospection},
  volume={23},
  number={4},
  pages={325--334},
  year={2016},
  publisher={Wiley Online Library}
}

@article{nurminen2015automation,
  title={Automation aspects for the georeferencing of photogrammetric aerial image archives in forested scenes},
  author={Nurminen, Kimmo and Litkey, Paula and Honkavaara, Eija and Vastaranta, Mikko and Holopainen, Markus and Lyytik{\"a}inen-Saarenmaa, P{\"a}ivi and Kantola, Tuula and Lyytik{\"a}inen, Minna},
  journal={Remote Sensing},
  volume={7},
  number={2},
  pages={1565--1593},
  year={2015},
  publisher={Multidisciplinary Digital Publishing Institute}
}

@article{micheletti2015application,
  title={Application of archival aerial photogrammetry to quantify climate forcing of alpine landscapes},
  author={Micheletti, Natan and Lane, Stuart N and Chandler, Jim H},
  journal={The Photogrammetric Record},
  volume={30},
  number={150},
  pages={143--165},
  year={2015},
  publisher={Wiley Online Library}
}

@inproceedings{deseilligny2011apero,
  title={Apero, an open source bundle adjusment software for automatic calibration and orientation of set of images},
  author={Deseilligny, M Pierrot and Cl{\'e}ry, Isabelle},
  booktitle={Proceedings of the ISPRS Symposium, 3DARCH11},
  volume={269277},
  year={2011}
}

@article{cardenal2006use,
  title={Use of historical flight for landslide monitoring},
  author={Cardenal, Javier and Delgado, Jorge and Mata, Emilio and Gonz{\'a}lez, Alberto and Olague, Ignacio},
  journal={Proceedings of the Spatial Accuracy},
  pages={129--138},
  year={2006}
}

@article{aguilar2013accuracy,
  title={Accuracy assessment of commercial self-calibrating bundle adjustment routines applied to archival aerial photography},
  author={Aguilar, Manuel A and Aguilar, Fernando J and Fern{\'a}ndez, Ismael and Mills, Jon P},
  journal={The Photogrammetric Record},
  volume={28},
  number={141},
  pages={96--114},
  year={2013},
  publisher={Wiley Online Library}
}

@article{ellis2006measuring,
  title={Measuring long-term ecological changes in densely populated landscapes using current and historical high resolution imagery},
  author={Ellis, Erle C and Wang, Hongqing and Xiao, Hong Sheng and Peng, Kui and Liu, Xin Ping and Li, Shou Cheng and Ouyang, Hua and Cheng, Xu and Yang, Lin Zhang},
  journal={Remote Sensing of Environment},
  volume={100},
  number={4},
  pages={457--473},
  year={2006},
  publisher={Elsevier}
}

@techreport{sebastien2019archiving,
  title={Archiving and geoprocessing of historical aerial images: current status in Europe, Official Publication No 70},
  author={Sébastien Giordano, Clément Mallet},
  year={2019},
  institution={European Spatial Data Research}
}

@article{korpela2006geometrically,
  title={Geometrically accurate time series of archived aerial images and airborne lidar data in a forest environment},
  author={Korpela, Ilkka},
  journal={Silva Fennica},
  volume={40},
  number={1},
  pages={109},
  year={2006},
  publisher={THE FINNISH SOCIETY OF FOREST SCIENCE}
}

@article{fox2008unlocking,
  title={Unlocking the time capsule of historic aerial photography to measure changes in Antarctic Peninsula glaciers},
  author={Fox, Adrian J and Cziferszky, Andreas},
  journal={The Photogrammetric Record},
  volume={23},
  number={121},
  pages={51--68},
  year={2008},
  publisher={Wiley Online Library}
}

@article{walstra2004time,
  title={Time for change-quantifying landslide evolution using historical aerial photographs and modern photogrammetric methods},
  author={Walstra, Jan and Chandler, JH and Dixon, N and Dijkstra, TA},
  journal={International Archives of Photogrammetry, Remote Sensing and Spatial Information Sciences},
  volume={35},
  number={B4},
  year={2004}
}

@inproceedings{giordano2017fully,
  title={Fully automatic analysis of archival aerial images current status and challenges},
  author={Giordano, S{\'e}bastien and Le Bris, Arnaud and Mallet, Cl{\'e}ment},
  booktitle={2017 Joint Urban Remote Sensing Event (JURSE)},
  pages={1--4},
  year={2017},
  organization={IEEE}
}

@article{giordano2018toward,
  title={Toward automatic georeferencing of archival aerial photogrammetric surveys},
  author={Giordano, S and Le Bris, A and Mallet, C},
  year={2018}
}

@article{feurer2018joining,
  title={Joining multi-epoch archival aerial images in a single SfM block allows 3-D change detection with almost exclusively image information},
  author={Feurer, Denis and Vinatier, F},
  journal={ISPRS journal of photogrammetry and remote sensing},
  volume={146},
  pages={495--506},
  year={2018},
  publisher={Elsevier}
}

@article{aubry2014painting,
  title={Painting-to-3D model alignment via discriminative visual elements},
  author={Aubry, Mathieu and Russell, Bryan C and Sivic, Josef},
  journal={ACM Transactions on Graphics (ToG)},
  volume={33},
  number={2},
  pages={1--14},
  year={2014},
  publisher={ACM New York, NY, USA}
}

@inproceedings{semyonov2011algorithms,
  title={Algorithms used in photoscan},
  author={Semyonov, Dmitry},
  booktitle={Agisoft PhotoScan Forum},
  volume={3},
  year={2011}
}

@inproceedings{alcantarilla2012kaze,
  title={KAZE features},
  author={Alcantarilla, Pablo Fern{\'a}ndez and Bartoli, Adrien and Davison, Andrew J},
  booktitle={European Conference on Computer Vision},
  pages={214--227},
  year={2012},
  organization={Springer}
}

@inproceedings{Alcantarilla13bmvc,
   author = {P. F. Alcantarilla and J. Nuevo and A. Bartoli},
   title = {Fast Explicit Diffusion for Accelerated Features in Nonlinear Scale Spaces},
   booktitle = {British Machine Vision Conf. (BMVC)}, 
   location = {Bristol, UK},
   year = {2013}
}

@inproceedings{schonberger2016structure,
  title={Structure-from-motion revisited},
  author={Schonberger, Johannes L and Frahm, Jan-Michael},
  booktitle={Proceedings of the IEEE Conference on Computer Vision and Pattern Recognition},
  pages={4104--4113},
  year={2016}
}

@article{rupnik2017micmac,
  title={MicMac--a free, open-source solution for photogrammetry},
  author={Rupnik, Ewelina and Daakir, Mehdi and Deseilligny, Marc Pierrot},
  journal={Open Geospatial Data, Software and Standards},
  volume={2},
  number={1},
  pages={1--9},
  year={2017},
  publisher={SpringerOpen}
}

@article{article,
author = {Mcglone, Chris},
year = {2013},
month = {05},
pages = {},
title = {Manual of photogrammetry},
volume = {79}
}

@article{ayoub2009co,
  title={Co-registration and correlation of aerial photographs for ground deformation measurements},
  author={Ayoub, Fran{\c{c}}ois and Leprince, S{\'e}bastien and Avouac, Jean-Philippe},
  journal={ISPRS Journal of Photogrammetry and Remote Sensing},
  volume={64},
  number={6},
  pages={551--560},
  year={2009},
  publisher={Elsevier}
}

@article{bakker2017archival,
  title={Archival photogrammetric analysis of river--floodplain systems using Structure from Motion (SfM) methods},
  author={Bakker, Maarten and Lane, Stuart N},
  journal={Earth Surface Processes and Landforms},
  volume={42},
  number={8},
  pages={1274--1286},
  year={2017},
  publisher={Wiley Online Library}
}

@article{chen2016study,
  title={Study of automatic image rectification and registration of scanned historical aerial photographs},
  author={Chen, Hou-Ren and Tseng, Yi-Hsing and others},
  year={2016}
}

@article{ford2013shoreline,
  title={Shoreline changes interpreted from multi-temporal aerial photographs and high resolution satellite images: Wotje Atoll, Marshall Islands},
  author={Ford, Murray},
  journal={Remote Sensing of Environment},
  volume={135},
  pages={130--140},
  year={2013},
  publisher={Elsevier}
}

@incollection{snavely2006photo,
  title={Photo tourism: exploring photo collections in 3D},
  author={Snavely, Noah and Seitz, Steven M and Szeliski, Richard},
  booktitle={ACM Siggraph 2006 Papers},
  pages={835--846},
  year={2006}
}

@misc{earthexplorer,
        Author = {United States Geological Survey},
        Howpublished = {https://earthexplorer.usgs.gov/},
        Title = {{earthexplorer}},
}

@misc{remonterletemps,
        Author = {L'Institut national de l'information géographique et forestière},
        Howpublished = {https://remonterletemps.ign.fr/},
        Title = {{remonterletemps}},
}
